@inproceedings{selective-icfp19,
 author = {Mokhov, Andrey and Lukyanov, Georgy and Marlow, Simon and Dimino, Jeremie},
 title = {Selective Applicative Functors},
 booktitle = {ICFP 2019},
 url = {http://doi.acm.org/10.1145/3341694},
}

@inproceedings{redfin-hs19,
 author = {Mokhov, Andrey and Lukyanov, Georgy and Lechner, Jakob},
 title = {Formal Verification of Spacecraft Control Programs (Experience Report)},
 booktitle = {Haskell Symposium 2019},
 url = {http://doi.acm.org/10.1145/3331545.3342593},
} 

@inproceedings{Lukyanov_Mokhov_CoqPL19,
  author    = {Georgy Lukyanov and Andrey Mokhov},
  title     = {Towards a Coq Formalisation of Build Systems},
  booktitle = {CoqPL 2019},
  url = {https://popl19.sigplan.org/event/coqpl-2019-towards-a-coq-formalisation-of-build-systems}
}

@inproceedings{DBLP:conf/apn/LukyanovM18,
  author    = {Georgy Lukyanov and
               Andrey Mokhov},
  title     = {Concurrency Oracles for Free},
  booktitle = {Proceedings of the International Workshop on Algorithms {\&} Theories for the Analysis of Event Data 2018},
  url       = {http://ceur-ws.org/Vol-2115/ATAED2018-112-127.pdf},
}

@ARTICLE{Lukyanov201890,
author={Lukyanov, Georgy and Pelenitsin, Artem},
title={Functional parser of markdown language based on monad combining and monoidal source stream representation},
journal={Communications in Computer and Information Science},
year={2018},
doi={10.1007/978-3-319-71734-0_8},
source={Scopus},
}

@inproceedings{WorkraftREES,
 author = {Georgy Lukyanov and Alessandro de Gennaro and Andrey Mokhov and Paulius Stankaitis and Maxim Rykunov},
 title = {Prototyping Resilient Processing Cores in Workcraft},
 booktitle = {2nd International Workshop on Resiliency in Embedded Electronic Systems},
 year = {2017},
 address = {SwissTech Convention Center, Lausanne, Switzerland}
}

@inproceedings{FDL-17,
 author = {Andrey Mokhov and Alessandro de Gennaro and Ghaith Tarawneh and Jonny Wray and Georgy Lukyanov and Sergey Mileiko and Joe Scott and Alex Yakovlev and Andrew Brown},
 title = {Language and Hardware Acceleration Backend for Graph Processing},
 booktitle = {In proceedings of FDL 2017 conference},
 year = {2017}
}
